@article{Posse2016,
  title={Carbon and water vapor balance in a subtropical pine plantation},
  author={Posse, Gabriela and Lewczuk, Nuria and Richter, Klaus and Cristiano, Piedad},
  journal={iForest-Biogeosciences and Forestry},
  volume={9},
  number={5},
  pages={736},
  year={2016},
  publisher={SISEF-Italian Society of Silviculture and Forest Ecology}
}

@article{Eamus2013,
  title={Carbon and water fluxes in an arid-zone Acacia savanna woodland: An analyses of seasonal patterns and responses to rainfall events},
  author={Eamus, Derek and Cleverly, James and Boulain, Nicolas and Grant, Nicole and Faux, Ralph and Villalobos-Vega, Randol},
  journal={Agricultural and Forest Meteorology},
  volume={182},
  pages={225--238},
  year={2013},
  publisher={Elsevier}
}

@article{Goulden2006,
  title={An eddy covariance mesonet to measure the effect of forest age on land--atmosphere exchange},
  author={Goulden, Michael L and Winston, Gregory C and McMILLAN, ANDREW MS and Litvak, Marcy E and Read, Edward L and Rocha, Adrian V and Rob Elliot, J},
  journal={Global Change Biology},
  volume={12},
  number={11},
  pages={2146--2162},
  year={2006},
  publisher={Wiley Online Library}
}

@article{Bergeron2007,
  title={Comparison of carbon dioxide fluxes over three boreal black spruce forests in Canada},
  author={Bergeron, Onil and Margolis, Hank A and Black, T Andrew and Coursolle, Carole and Dunn, Allison L and Barr, Alan G and Wofsy, Steven C},
  journal={Global Change Biology},
  volume={13},
  number={1},
  pages={89--107},
  year={2007},
  publisher={Wiley Online Library}
}

@article{Mkhabela2009,
  title={Comparison of carbon dynamics and water use efficiency following fire and harvesting in Canadian boreal forests},
  author={Mkhabela, MS and Amiro, BD and Barr, AG and Black, TA and Hawthorne, I and Kidston, J and McCaughey, JH and Orchansky, AL and Nesic, Z and Sass, A and others},
  journal={Agricultural and Forest Meteorology},
  volume={149},
  number={5},
  pages={783--794},
  year={2009},
  publisher={Elsevier}
}

@article{Yu2006,
  title={Overview of ChinaFLUX and evaluation of its eddy covariance measurement},
  author={Yu, Gui-Rui and Wen, Xue-Fa and Sun, Xiao-Min and Tanner, Bertrand D and Lee, Xuhui and Chen, Jia-Yi},
  journal={Agricultural and Forest Meteorology},
  volume={137},
  number={3-4},
  pages={125--137},
  year={2006},
  publisher={Elsevier}
}

@article{Pavelka2007,
  title={Dependence of the Q 10 values on the depth of the soil temperature measuring point},
  author={Pavelka, Marian and Acosta, Manuel and Marek, Michal V and Kutsch, Werner and Janous, Dalibor},
  journal={Plant and soil},
  volume={292},
  number={1-2},
  pages={171--179},
  year={2007},
  publisher={Springer}
}

@article{Lindauer2014,
  title={Net ecosystem exchange over a non-cleared wind-throw-disturbed upland spruce forest—Measurements and simulations},
  author={Lindauer, M and Schmid, HP and Grote, R and Mauder, M and Steinbrecher, R and Wolpert, B},
  journal={Agricultural and forest meteorology},
  volume={197},
  pages={219--234},
  year={2014},
  publisher={Elsevier}
}

@article{Zimmermann2006,
  title={Atmospheric N-and S-fluxes to a spruce forest—Comparison of inferential modelling and the throughfall method},
  author={Zimmermann, Frank and Plessow, Kirsten and Queck, Ronald and Bernhofer, Christian and Matschullat, J{\"o}rg},
  journal={Atmospheric Environment},
  volume={40},
  number={25},
  pages={4782--4796},
  year={2006},
  publisher={Elsevier}
}

@article{Grunwald2007,
  title={A decade of carbon, water and energy flux measurements of an old spruce forest at the Anchor Station Tharandt},
  author={Gr{\"u}Nwald, Thomas and Bernhofer, Christian},
  journal={Tellus B: Chemical and Physical Meteorology},
  volume={59},
  number={3},
  pages={387--396},
  year={2007},
  publisher={Taylor \& Francis}
}
@article{Vesala2005,
  title={Effect of thinning on surface fluxes in a boreal forest},
  author={Vesala, T and Suni, T and Rannik, {\"U} and Keronen, P and Markkanen, T and Sevanto, S and Gr{\"o}nholm, T and Smolander, S and Kulmala, M and Ilvesniemi, H and others},
  journal={Global Biogeochemical Cycles},
  volume={19},
  number={2},
  year={2005},
  publisher={Wiley Online Library}
}

@article{Cescatti2003,
  title={Structural acclimation and radiation regime of silver fir (Abies alba Mill.) shoots along a light gradient},
  author={Cescatti, ALESSANDRO and ZORER, ROBERTO},
  journal={Plant, Cell \& Environment},
  volume={26},
  number={3},
  pages={429--442},
  year={2003},
  publisher={Wiley Online Library}
}

@article{Marcolla2005,
  title={Importance of advection in the atmospheric CO2 exchanges of an alpine forest},
  author={Marcolla, Barbara and Cescatti, Alessandro and Montagnani, Leonardo and Manca, Giovanni and Kerschbaumer, G{\"u}nther and Minerbi, Stefano},
  journal={Agricultural and Forest Meteorology},
  volume={130},
  number={3-4},
  pages={193--206},
  year={2005},
  publisher={Elsevier}
}

@article{Matteucci2015,
  title={Components, drivers and temporal dynamics of ecosystem respiration in a Mediterranean pine forest},
  author={Matteucci, Marco and Gruening, Carsten and Ballarin, Ignacio Goded and Seufert, Guenther and Cescatti, Alessandro},
  journal={Soil Biology and Biochemistry},
  volume={88},
  pages={224--235},
  year={2015},
  publisher={Elsevier}
}

@article{Dolman2002,
  title={The carbon uptake of a mid latitude pine forest growing on sandy soil},
  author={Dolman, AJ and Moors, EJ and Elbers, JA},
  journal={Agricultural and Forest Meteorology},
  volume={111},
  number={3},
  pages={157--170},
  year={2002},
  publisher={Elsevier}
}

@article{Kurbatova2008,
  title={Modeling carbon dynamics in two adjacent spruce forests with different soil conditions in Russia},
  author={Kurbatova, J and Li, C and Varlagin, A and Xiao, X and Vygodskaya, N},
  journal={Biogeosciences},
  volume={5},
  number={4},
  pages={969--980},
  year={2008},
  publisher={Copernicus GmbH}
}

@article{Beringer2011,
  title={Patterns and processes of carbon, water and energy cycles across northern Australian landscapes: From point to region},
  author={Beringer, Jason and Hutley, Lindsay B and Hacker, Jorg M and Neininger, Bruno and others},
  journal={Agricultural and Forest Meteorology},
  volume={151},
  number={11},
  pages={1409--1416},
  year={2011},
  publisher={Elsevier}
}

@article{Verma2005,
  title={Annual carbon dioxide exchange in irrigated and rainfed maize-based agroecosystems},
  author={Verma, Shashi B and Dobermann, Achim and Cassman, Kenneth G and Walters, Daniel T and Knops, Johannes M and Arkebauer, Timothy J and Suyker, Andrew E and Burba, George G and Amos, Brigid and Yang, Haishun and others},
  journal={Agricultural and Forest Meteorology},
  volume={131},
  number={1-2},
  pages={77--96},
  year={2005},
  publisher={Elsevier}
}

@article{Karan2016,
  title={The Australian SuperSite Network: A continental, long-term terrestrial ecosystem observatory},
  author={Karan, Mirko and Liddell, Michael and Prober, Suzanne M and Arndt, Stefan and Beringer, Jason and Boer, Matthias and Cleverly, James and Eamus, Derek and Grace, Peter and Van Gorsel, Eva and others},
  journal={Science of the Total Environment},
  volume={568},
  pages={1263--1274},
  year={2016},
  publisher={Elsevier}
}

@article{Wohlfahrt2008,
  title={Seasonal and inter-annual variability of the net ecosystem CO2 exchange of a temperate mountain grassland: Effects of weather and management},
  author={Wohlfahrt, Georg and Hammerle, Albin and Haslwanter, Alois and Bahn, Michael and Tappeiner, Ulrike and Cernusca, Alexander},
  journal={Journal of Geophysical Research: Atmospheres},
  volume={113},
  number={D8},
  year={2008},
  publisher={Wiley Online Library}
}

@techreport{Billesbach2016,
  title={AmeriFlux US-AR1 ARM USDA UNL OSU Woodward Switchgrass 1},
  author={Billesbach, Dave and Bradford, James},
  year={2016},
  institution={AmeriFlux; US Department of Agriculture; University of Nebraska}
}

@article{Sabbatini2016,
  title={Greenhouse gas balance of cropland conversion to bioenergy poplar short-rotation coppice},
  author={Sabbatini, S and Arriga, N and Bertolini, T and Castaldi, Simona and Chiti, T and Consalvo, C and Djomo, S Njakou and Gioli, B and Matteucci, G and Papale, D},
  journal={Biogeosciences},
  volume={13},
  number={1},
  pages={95--113},
  year={2016}
}

@article{Yamazaki2013,
  title={A common stomatal parameter set used to simulate the energy and water balance over boreal and temperate forests},
  author={Yamazaki, Takeshi and Kato, Kyoko and Ito, Tamaki and Nakai, Taro and Matsumoto, Kazuho and Miki, Naoko and Park, Hotaek and Ohta, Takeshi},
  journal={Journal of the Meteorological Society of Japan. Ser. II},
  volume={91},
  number={3},
  pages={273--285},
  year={2013},
  publisher={Meteorological Society of Japan}
}

@article{Cook2004,
  title={Carbon exchange and venting anomalies in an upland deciduous forest in northern Wisconsin, USA},
  author={Cook, Bruce D and Davis, Kenneth J and Wang, Weiguo and Desai, Ankur and Berger, Bradford W and Teclaw, Ron M and Martin, Jonathan G and Bolstad, Paul V and Bakwin, Peter S and Yi, Chuixiang and others},
  journal={Agricultural and Forest Meteorology},
  volume={126},
  number={3-4},
  pages={271--295},
  year={2004},
  publisher={Elsevier}
}

@article{Schroder2014,
  title={Arcturus Emerald OzFlux tower site},
  author={Schroder, I},
  journal={OzFlux: Australian and New Zealand Flux Research and Monitoring, hdl},
  volume={102},
  number={100},
  pages={14249},
  year={2014}
}

@article{Prober2012,
  title={Facilitating adaptation of biodiversity to climate change: a conceptual framework applied to the world’s largest Mediterranean-climate woodland},
  author={Prober, Suzanne M and Thiele, Kevin R and Rundel, Philip W and Yates, Colin J and Berry, Sandra L and Byrne, Margaret and Christidis, Les and Gosper, Carl R and Grierson, Pauline F and Lemson, Kristina and others},
  journal={Climatic Change},
  volume={110},
  number={1-2},
  pages={227--248},
  year={2012},
  publisher={Springer}
}

@article{Leuning2005,
  title={Carbon and water fluxes over a temperate Eucalyptus forest and a tropical wet/dry savanna in Australia: measurements and comparison with MODIS remote sensing estimates},
  author={Leuning, Ray and Cleugh, Helen A and Zegelin, Steven J and Hughes, Dale},
  journal={Agricultural and Forest Meteorology},
  volume={129},
  number={3-4},
  pages={151--173},
  year={2005},
  publisher={Elsevier}
}



@article{Sjostrom2009,
  title={Evaluation of satellite based indices for gross primary production estimates in a sparse savanna in the Sudan},
  author={Sj{\"o}str{\"o}m, Martin and Ard{\"o}, Jonas and Eklundh, Lars and El-Tahir, BA and El-Khidir, HAM and Hellstr{\"o}m, Margareta and Pilesj{\"o}, Petter and Seaquist, Jonathan},
  journal={Biogeosciences},
  volume={6},
  number={1},
  pages={129--138},
  year={2009},
  publisher={Copernicus GmbH}
}

@article{Ma2007,
  title={Inter-annual variability in carbon dioxide exchange of an oak/grass savanna and open grassland in California},
  author={Ma, Siyan and Baldocchi, Dennis D and Xu, Liukang and Hehn, Ted},
  journal={Agricultural and Forest Meteorology},
  volume={147},
  number={3-4},
  pages={157--171},
  year={2007},
  publisher={Elsevier}
}

@techreport{Scott2016,
  title={AmeriFlux US-Wkg Walnut Gulch Kendall Grasslands},
  author={Scott, Russell},
  year={2016},
  institution={AmeriFlux; United States Department of Agriculture}
}

@article{Carrara2003,
  title={Net ecosystem CO2 exchange of mixed forest in Belgium over 5 years},
  author={Carrara, Arnaud and Kowalski, Andrew S and Neirynck, Johan and Janssens, Ivan A and Yuste, Jorge Curiel and Ceulemans, Reinhart},
  journal={Agricultural and Forest Meteorology},
  volume={119},
  number={3-4},
  pages={209--227},
  year={2003},
  publisher={Elsevier}
}

@article{Moureaux2006,
  title={Annual net ecosystem carbon exchange by a sugar beet crop},
  author={Moureaux, Christine and Debacq, Alain and Bodson, Bernard and Heinesch, Bernard and Aubinet, Marc},
  journal={Agricultural and Forest Meteorology},
  volume={139},
  number={1-2},
  pages={25--39},
  year={2006},
  publisher={Elsevier}
}

@article{Aubinet2001,
  title={Long term carbon dioxide exchange above a mixed forest in the Belgian Ardennes},
  author={Aubinet, Marc and Chermanne, B and Vandenhaute, M and Longdoz, Bernard and Yernaux, M and Laitat, E},
  journal={Agricultural and Forest Meteorology},
  volume={108},
  number={4},
  pages={293--315},
  year={2001},
  publisher={Elsevier}
}


@inproceedings{Eugster2006,
  title={Micrometeorological techniques to measure ecosystem-scale greenhouse gas fluxes for model validation and improvement},
  author={Eugster, Werner and Zeeman, Matthias J},
  booktitle={International Congress Series},
  volume={1293},
  pages={66--75},
  year={2006},
  organization={Elsevier}
}

@article{Ammann2007,
  title={The carbon budget of newly established temperate grassland depends on management intensity},
  author={Ammann, Ch and Flechard, CR and Leifeld, J and Neftel, A and Fuhrer, J},
  journal={Agriculture, Ecosystems \& Environment},
  volume={121},
  number={1-2},
  pages={5--20},
  year={2007},
  publisher={Elsevier}
}

@article{Zhang2006,
  title={Seasonal variation in carbon dioxide exchange over a 200-year-old Chinese broad-leaved Korean pine mixed forest},
  author={Zhang, Jun-Hui and Han, Shi-Jie and Yu, Gui-Rui},
  journal={Agricultural and Forest Meteorology},
  volume={137},
  number={3-4},
  pages={150--165},
  year={2006},
  publisher={Elsevier}
}
@article{Dong2011,
  title={Effects of spring drought on carbon sequestration, evapotranspiration and water use efficiency in the Songnen meadow steppe in northeast China},
  author={Dong, Gang and Guo, Jixun and Chen, Jiquan and Sun, Ge and Gao, Song and Hu, Liangjun and Wang, Yunlong},
  journal={Ecohydrology},
  volume={4},
  number={2},
  pages={211--224},
  year={2011},
  publisher={Wiley Online Library}
}


@article{Miller2004,
  title={Biometric and micrometeorological measurements of tropical forest carbon balance},
  author={Miller, Scott D and Goulden, Michael L and Menton, Mary C and da Rocha, Humberto R and de Freitas, Helber C and de Sousa, Cleilim Albert Dias and others},
  journal={Ecological Applications},
  volume={14},
  number={sp4},
  pages={114--126},
  year={2004},
  publisher={Wiley Online Library}
}


@article{Chen2009,
  title={Energy balance and partition in Inner Mongolia steppe ecosystems with different land use types},
  author={Chen, Shiping and Chen, Jiquan and Lin, Guanghui and Zhang, Wenli and Miao, Haixia and Wei, Long and Huang, Jianhui and Han, Xingguo},
  journal={Agricultural and Forest Meteorology},
  volume={149},
  number={11},
  pages={1800--1809},
  year={2009},
  publisher={Elsevier}
}

@article{Fu2006,
  title={Depression of net ecosystem CO2 exchange in semi-arid Leymus chinensis steppe and alpine shrub},
  author={Fu, Yu-Ling and Yu, Gui-Rui and Sun, Xiao-Min and Li, Ying-Nian and Wen, Xue-Fa and Zhang, Lei-Ming and Li, Zheng-Quan and Zhao, Liang and Hao, Yan-Bin},
  journal={Agricultural and Forest Meteorology},
  volume={137},
  number={3-4},
  pages={234--244},
  year={2006},
  publisher={Elsevier}
}

@article{Kato2006,
  title={Temperature and biomass influences on interannual changes in CO2 exchange in an alpine meadow on the Qinghai-Tibetan Plateau},
  author={Kato, Tomomichi and Tang, Yanhong and Gu, Song and Hirota, Mitsuru and Du, Mingyuan and Li, Yingnian and Zhao, Xinquan},
  journal={Global Change Biology},
  volume={12},
  number={7},
  pages={1285--1298},
  year={2006},
  publisher={Wiley Online Library}
}

@article{Shao2013b,
  title={Terrestrial carbon cycle: climate relations in eight CMIP5 earth system models},
  author={Shao, Pu and Zeng, Xubin and Sakaguchi, Koichi and Monson, Russell K and Zeng, Xiaodong},
  journal={Journal of Climate},
  volume={26},
  number={22},
  pages={8744--8764},
  year={2013}
}

@article{Gilmanov2007,
  title={Partitioning European grassland net ecosystem CO2 exchange into gross primary productivity and ecosystem respiration using light response function analysis},
  author={Gilmanov, TG and Soussana, JF and Aires, L and Allard, V and Ammann, C and Balzarolo, M and Barcza, Z and Bernhofer, C and Campbell, CL and Cernusca, A and others},
  journal={Agriculture, ecosystems \& environment},
  volume={121},
  number={1-2},
  pages={93--120},
  year={2007},
  publisher={Elsevier}
}

@article{Knohl2003,
  title={Large carbon uptake by an unmanaged 250-year-old deciduous forest in Central Germany},
  author={Knohl, Alexander and Schulze, Ernst-Detlef and Kolle, Olaf and Buchmann, Nina},
  journal={Agricultural and Forest Meteorology},
  volume={118},
  number={3-4},
  pages={151--167},
  year={2003},
  publisher={Elsevier}
}

@article{Ceschia2010,
  title={Management effects on net ecosystem carbon and GHG budgets at European crop sites},
  author={Ceschia, Eric and B{\'e}ziat, Pierre and Dejoux, Jean-Fran{\c{c}}ois and Aubinet, Marc and Bernhofer, Ch and Bodson, Bernard and Buchmann, Nina and Carrara, Arnaud and Cellier, Pierre and Di Tommasi, Paul and others},
  journal={Agriculture, Ecosystems \& Environment},
  volume={139},
  number={3},
  pages={363--383},
  year={2010},
  publisher={Elsevier}
}

@article{Mauder2013,
  title={A strategy for quality and uncertainty assessment of long-term eddy-covariance measurements},
  author={Mauder, Matthias and Cuntz, Matthias and Dr{\"u}e, Clemens and Graf, Alexander and Rebmann, Corinna and Schmid, Hans Peter and Schmidt, Marius and Steinbrecher, Rainer},
  journal={Agricultural and Forest Meteorology},
  volume={169},
  pages={122--135},
  year={2013},
  publisher={Elsevier}
}

@article{Loubet2011,
  title={Carbon, nitrogen and Greenhouse gases budgets over a four years crop rotation in northern France},
  author={Loubet, Benjamin and Laville, Patricia and Lehuger, Simon and Larmanou, Eric and Fl{\'e}chard, Christophe and Mascher, Nicolas and Genermont, Sophie and Roche, Romain and Ferrara, Rossana M and Stella, Patrick and others},
  journal={Plant and Soil},
  volume={343},
  number={1-2},
  pages={109},
  year={2011},
  publisher={Springer}
}

@article{Pilegaard2001,
  title={Two years of continuous CO2 eddy-flux measurements over a Danish beech forest},
  author={Pilegaard, K and Hummelsh{\o}j, P and Jensen, NO and Chen, Z},
  journal={Agricultural and Forest Meteorology},
  volume={107},
  number={1},
  pages={29--41},
  year={2001},
  publisher={Elsevier}
}

@article{Reverter2010,
  title={Analyzing the major drivers of NEE in a Mediterranean alpine shrubland},
  author={Reverter, Borja R and S{\'a}nchez-Ca{\~n}ete, EP and Resco, V and Serrano-Ortiz, Penelope and Oyonarte, C and Kowalski, Andrew S},
  journal={Biogeosciences},
  volume={7},
  number={9},
  pages={2601--2611},
  year={2010}
}

@article{Rambal2004,
  title={The growth respiration component in eddy CO2 flux from a Quercus ilex mediterranean forest},
  author={Rambal, S and Joffre, R and Ourcival, JM and Cavender-Bares, J and Rocheteau, A},
  journal={Global Change Biology},
  volume={10},
  number={9},
  pages={1460--1469},
  year={2004},
  publisher={Wiley Online Library}
}

@article{Bonal2008,
  title={Impact of severe dry season on net ecosystem exchange in the Neotropical rainforest of French Guiana},
  author={Bonal, Damien and Bosc, Alexandre and Ponton, St{\'e}phane and GORET, JEAN-YVES and Burban, Beno{\^\i}t and Gross, Patrick and BONNEFOND, JEAN-MARC and Elbers, JAN and Longdoz, Bernard and Epron, Daniel and others},
  journal={Global Change Biology},
  volume={14},
  number={8},
  pages={1917--1933},
  year={2008},
  publisher={Wiley Online Library}
}

@article{Fares2015,
  title={Isoprenoid emissions by the Mediterranean vegetation in Castelporziano},
  author={Fares, Silvano and Loreto, Francesco},
  journal={Rendiconti Lincei},
  volume={26},
  number={3},
  pages={493--498},
  year={2015},
  publisher={Springer}
}

@article{Ferrea2012,
  title={Estimating heterotrophic and autotrophic soil respiration in a semi-natural forest of Lombardy, Italy},
  author={Ferr{\'e}a, Chiara and Zenone, Terenzio and Comolli, Roberto and Seufert, G{\"u}nther},
  journal={Pedobiologia},
  volume={55},
  number={6},
  pages={285--294},
  year={2012},
  publisher={Elsevier}
 
}

@inproceedings{Spano2005,
  title={Assessment of fuel dryness index on Mediterranean vegetation},
  author={Spano, Donatella and Duce, Pierpaolo and Snyder, Richard L and Zara, Pierpaolo and Ventura, Andrea},
  booktitle={Proceedings of the 6th Symposium on Fire and Forest Meteorology, Cammore, Canada},
  year={2005}
}

@article{Migliavacca2009,
  title={Seasonal and interannual patterns of carbon and water fluxes of a poplar plantation under peculiar eco-climatic conditions},
  author={Migliavacca, Mirco and Meroni, Michele and Manca, Giovanni and Matteucci, Giorgio and Montagnani, Leonardo and Grassi, Giacomo and Zenone, Terenzio and Teobaldelli, Maurizio and Goded, Ignacio and Colombo, Roberto and others},
  journal={Agricultural and Forest Meteorology},
  volume={149},
  number={9},
  pages={1460--1476},
  year={2009},
  publisher={Elsevier}
}

@article{Rey2002,
  title={Annual variation in soil respiration and its components in a coppice oak forest in Central Italy},
  author={Rey, Ana and Pegoraro, Emiliano and Tedeschi, Vanessa and De Parri, Ilaria and Jarvis, Paul G and Valentini, Riccardo},
  journal={Global Change Biology},
  volume={8},
  number={9},
  pages={851--866},
  year={2002},
  publisher={Wiley Online Library}
}
@article{Tedeschi2006,
  title={Soil respiration in a Mediterranean oak forest at different developmental stages after coppicing},
  author={Tedeschi, Vanessa and Rey, ANA and Manca, Giovanni and Valentini, Riccardo and Jarvis, Paul G and Borghetti, Marco},
  journal={Global Change Biology},
  volume={12},
  number={1},
  pages={110--121},
  year={2006},
  publisher={Wiley Online Library}
}

@article{Galvagno2013,
  title={Phenology and carbon dioxide source/sink strength of a subalpine grassland in response to an exceptionally short snow season},
  author={Galvagno, M and Wohlfahrt, G and Cremonese, E and Rossini, M and Colombo, R and Filippa, G and Julitta, T and Manca, G and Siniscalco, C and di Cella, U Morra and others},
  journal={Environmental Research Letters},
  volume={8},
  number={2},
  pages={025008},
  year={2013},
  publisher={IOP Publishing}
}

@article{van2004,
  title={Sonic anemometer (co) sine response and flux measurement: II. The effect of introducing an angle of attack dependent calibration},
  author={Van der Molen, MK and Gash, JHC and Elbers, JA},
  journal={Agricultural and Forest Meteorology},
  volume={122},
  number={1-2},
  pages={95--109},
  year={2004},
  publisher={Elsevier}
}

@article{Fischer2007,
  title={Spatiotemporal variations in growing season exchanges of CO2, H2O, and sensible heat in agricultural fields of the Southern Great Plains},
  author={Fischer, Marc L and Billesbach, David P and Berry, Joseph A and Riley, William J and Torn, Margaret S},
  journal={Earth Interactions},
  volume={11},
  number={17},
  pages={1--21},
  year={2007}
}

@article{Goldstein2000,
  title={Effects of climate variability on the carbon dioxide, water, and sensible heat fluxes above a ponderosa pine plantation in the Sierra Nevada (CA)},
  author={Goldstein, AH and Hultman, NE and Fracheboud, JM and Bauer, MR and Panek, JA and Xu, M and Qi, Y and Guenther, AB and Baugh, W},
  journal={Agricultural and Forest Meteorology},
  volume={101},
  number={2-3},
  pages={113--129},
  year={2000},
  publisher={Elsevier}
}


@article{Urbanski2007,
  title={Factors controlling CO2 exchange on timescales from hourly to decadal at Harvard Forest},
  author={Urbanski, Shawn and Barford, C and Wofsy, S and Kucharik, C and Pyle, E and Budney, J and McKain, K and Fitzjarrald, D and Czikowsky, M and Munger, JW},
  journal={Journal of Geophysical Research: Biogeosciences},
  volume={112},
  number={G2},
  year={2007},
  publisher={Wiley Online Library}
}

@article{Sulman2009,
  title={Contrasting carbon dioxide fluxes between a drying shrub wetland in Northern Wisconsin, USA, and nearby forests},
  author={Sulman, BN and Desai, AR and Cook, BD and Saliendra, N and Mackay, DS},
  journal={Biogeosciences},
  volume={6},
  number={6},
  pages={1115--1126},
  year={2009},
  publisher={Copernicus GmbH}
}

@article{Schmid2000,
  title={Measurements of CO2 and energy fluxes over a mixed hardwood forest in the mid-western United States},
  author={Schmid, Hans Peter and Grimmond, C Susan B and Cropley, Ford and Offerle, Brian and Su, Hong-Bing},
  journal={Agricultural and Forest Meteorology},
  volume={103},
  number={4},
  pages={357--374},
  year={2000},
  publisher={Elsevier}
}

@article{Ruehr2012,
  title={Effects of water availability on carbon and water exchange in a young ponderosa pine forest: Above-and belowground responses},
  author={Ruehr, Nadine K and Martin, Jonathan G and Law, Beverly E},
  journal={Agricultural and forest meteorology},
  volume={164},
  pages={136--148},
  year={2012},
  publisher={Elsevier}
}

@article{Sturtevant2016,
  title={Identifying scale-emergent, nonlinear, asynchronous processes of wetland methane exchange},
  author={Sturtevant, Cove and Ruddell, Benjamin L and Knox, Sara Helen and Verfaillie, Joseph and Matthes, Jaclyn Hatala and Oikawa, Patricia Y and Baldocchi, Dennis},
  journal={Journal of Geophysical Research: Biogeosciences},
  volume={121},
  number={1},
  pages={188--204},
  year={2016},
  publisher={Wiley Online Library}
}

@article{Scott2010,
  title={Using watershed water balance to evaluate the accuracy of eddy covariance evaporation measurements for three semiarid ecosystems},
  author={Scott, Russell L},
  journal={Agricultural and Forest Meteorology},
  volume={150},
  number={2},
  pages={219--225},
  year={2010},
  publisher={Elsevier}
}


@article{Desai2005,
  title={Comparing net ecosystem exchange of carbon dioxide between an old-growth and mature forest in the upper Midwest, USA},
  author={Desai, Ankur R and Bolstad, Paul V and Cook, Bruce D and Davis, Kenneth J and Carey, Eileen V},
  journal={Agricultural and Forest Meteorology},
  volume={128},
  number={1-2},
  pages={33--55},
  year={2005},
  publisher={Elsevier}
}

@article{Baldocchi2004,
  title={How plant functional-type, weather, seasonal drought, and soil physical properties alter water and energy fluxes of an oak--grass savanna and an annual grassland},
  author={Baldocchi, Dennis D and Xu, Liukang and Kiang, Nancy},
  journal={Agricultural and Forest Meteorology},
  volume={123},
  number={1-2},
  pages={13--39},
  year={2004},
  publisher={Elsevier}
}

@article{Gough2013,
author = {Gough, Christopher M. and Hardiman, Brady S. and Nave, Lucas E. and Bohrer Gil and Maurer Kyle D. and Vogel Christoph S. and Nadelhoffer Knute J. and Curtis Peter S.},
title = {Sustained carbon uptake and storage following moderate disturbance in a Great Lakes forest},
journal = {Ecological Applications},
volume = {23},
number = {5},
pages = {1202-1215},
keywords = {Betula, canopy defoliation, carbon cycling and sequestration, disturbance resistance, ecosystem management and resilience, leaf-area index, LAI, light-use efficiency, net ecosystem production, net primary production, northern Michigan, USA, forest, Populus, structure–function relationships},
doi = {10.1890/12-1554.1},
url = {https://esajournals.onlinelibrary.wiley.com/doi/abs/10.1890/12-1554.1},
year = { 2013 },
}

@ARTICLE{Scholes2001,
author={Scholes, R.J. and Gureja, N. and Giannecchinni, M. and Dovie, D. and Wilson, B. and Davidson, N. and Piggott, K. and McLoughlin, C. and Van Der Velde, K. and Freeman, A. and Bradley, S. and Smart, R. and Ndala, S.},
title={The Environment and Vegetation of the Flux Measurement Site Near Skukuza},
year={2001},
pages={73-83},
journal = {Koedoe},
doi = {10.4102/koedoe.v44i1.187},
}

@ARTICLE{Scanlon2004,
author={Scanlon, T.M. and Albertson, J.D.},
title={Canopy scale measurements of CO2 and water vapor exchange along a precipitation gradient in southern Africa},
journal={Global Change Biology},
year={2004},
volume={10},
number={3},
pages={329-341},
doi={10.1046/j.1365-2486.2003.00700.x},

}

@Article{Hommeltenberg2014,
AUTHOR = {Hommeltenberg, J. and Schmid, H. P. and Dr\"osler, M. and Werle, P.},
TITLE = {Can a bog drained for forestry be a stronger carbon sink than a natural bog forest?},
JOURNAL = {Biogeosciences},
VOLUME = {11},
YEAR = {2014},
NUMBER = {13},
PAGES = {3477--3493},
URL = {https://www.biogeosciences.net/11/3477/2014/},
DOI = {10.5194/bg-11-3477-2014}
}
@article{Delpierre2016,
  title={Wood phenology, not carbon input, controls the interannual variability of wood growth in a temperate oak forest.},
  author={Nicolas Delpierre and Daniel Berveiller and Elena Granda and Eric Dufrene},
  journal={The New phytologist},
  year={2016},
  volume={210 2},
  pages={459-70}
}

@Article{Vitale2016,
author="Vitale, Luca
and Di Tommasi, Paul
and D'Urso, Guido
and Magliulo, Vincenzo",
title="The response of ecosystem carbon fluxes to LAI and environmental drivers in a maize crop grown in two contrasting seasons",
journal="International Journal of Biometeorology",
year="2016",
month="Mar",
day="01",
volume="60",
number="3",
pages="411--420",
issn="1432-1254",
doi="10.1007/s00484-015-1038-2",
url="https://doi.org/10.1007/s00484-015-1038-2"
}

@Inbook{Law2006,
author="Law, Beverly E.
and Turner, Dave
and Campbell, John
and Lefsky, Michael
and Guzy, Michael
and Sun, Osbert
and Tuyl, Steve Van
and Cohen, Warren",
editor="WU, JIANGUO
and JONES, K. BRUCE
and LI, HARBIN
and LOUCKS, ORIE L.",
title="CARBON FLUXES ACROSS REGIONS: OBSERVATIONAL CONSTRAINTS AT MULTIPLE SCALES",
bookTitle="SCALING AND UNCERTAINTY ANALYSIS IN ECOLOGY",
year="2006",
publisher="Springer Netherlands",
address="Dordrecht",
pages="167--190",
isbn="978-1-4020-4663-6",
doi="10.1007/1-4020-4663-4_9",
url="https://doi.org/10.1007/1-4020-4663-4_9"
}

@article{Monson2002,
author = {Monson, R. K. and Turnipseed A. A. and Sparks J. P. and Harley P. C. and Scott-Denton L. E. and Sparks K. and Huxman T. E.},
title = {Carbon sequestration in a high-elevation, subalpine forest},
journal = {Global Change Biology},
volume = {8},
number = {5},
year = { 2002 },
pages = {459-478},
keywords = {Abies lasiocarpa, Ameriflux, ecosystem, eddy covariance, NEE, photosynthesis, Picea engelmannii, Pinus contorta, respiration},
doi = {10.1046/j.1365-2486.2002.00480.x},
url = {https://onlinelibrary.wiley.com/doi/abs/10.1046/j.1365-2486.2002.00480.x},

}
@article{Desai2015,
title = "Landscape-level terrestrial methane flux observed from a very tall tower",
journal = "Agricultural and Forest Meteorology",
volume = "201",
pages = "61 - 75",
year = "2015",
issn = "0168-1923",
doi = "https://doi.org/10.1016/j.agrformet.2014.10.017",
url = "http://www.sciencedirect.com/science/article/pii/S0168192314002688",
author = "Ankur R. Desai and Ke Xu and Hanqin Tian and Peter Weishampel and Jonathan Thom and Dan Baumann and Arlyn E. Andrews and Bruce D. Cook and Jennifer Y. King and Randall Kolka",
keywords = "Methane, Eddy covariance, Regional flux, Land–atmosphere"
}
@article{Scott2015,
author = {Scott, Russell L. and Biederman, Joel A. and Hamerlynck, Erik P. and Barron-Gafford, Greg A.},
title = {The carbon balance pivot point of southwestern U.S. semiarid ecosystems: Insights from the 21st century drought},
journal = {Journal of Geophysical Research: Biogeosciences},
volume = {120},
number = {12},
year = { 2015 },
pages = {2612-2624},
keywords = {drought, semiarid, carbon dioxide, water, ecosystem, net ecosystem production},
doi = {10.1002/2015JG003181},
url = {https://agupubs.onlinelibrary.wiley.com/doi/abs/10.1002/2015JG003181},
eprint = {https://agupubs.onlinelibrary.wiley.com/doi/pdf/10.1002/2015JG003181},

}

@article{Hatala2012,
title = "Greenhouse gas (CO2, CH4, H2O) fluxes from drained and flooded agricultural peatlands in the Sacramento-San Joaquin Delta",
journal = "Agriculture, Ecosystems & Environment",
volume = "150",
pages = "1 - 18",
year = "2012",
issn = "0167-8809",
doi = "https://doi.org/10.1016/j.agee.2012.01.009",
url = "http://www.sciencedirect.com/science/article/pii/S0167880912000230",
author = "Jaclyn A. Hatala and Matteo Detto and Oliver Sonnentag and Steven J. Deverel and Joseph Verfaillie and Dennis D. Baldocchi",
keywords = "Carbon flux, Evaporation, Rice, Peatland, Eddy covariance, Evaporation"
}

@article{Rothstein2000,
author = {Rothstein, David E. and Zak, Donald. R. and Pregitzer, Kurt S. and Curtis, Peter S.},
title = {Kinetics of nitrogen uptake by Populus tremuloides in relation to atmospheric CO2 and soil nitrogen availability},
journal = {Tree Physiology},
volume = {20},
number = {4},
pages = {265-270},
year = {2000},
doi = {10.1093/treephys/20.4.265},
URL = {http://dx.doi.org/10.1093/treephys/20.4.265},
eprint = {/oup/backfile/content_public/journal/treephys/20/4/10.1093/treephys/20.4.265/2/20-4-265.pdf}
}