@article{Anav2015,
  title={Spatiotemporal patterns of terrestrial gross primary production: A review},
  author={Anav, Alessandro and Friedlingstein, Pierre and Beer, Christian and Ciais, Philippe and Harper, Anna and Jones, Chris and Murray-Tortarolo, Guillermo and Papale, Dario and Parazoo, Nicholas C and Peylin, Philippe and others},
  journal={Reviews of Geophysics},
  volume={53},
  number={3},
  pages={785--818},
  year={2015},
  publisher={Wiley Online Library}
}

@MISC{JAGS,
    author = {Martyn Plummer},
    title = {JAGS: A program for analysis of Bayesian graphical models using Gibbs sampling},
    year = {2003}
}

@book{Gelman1995,
  title={Bayesian data analysis},
  author={Gelman, Andrew and Carlin, John B and Stern, Hal S and Rubin, Donald B},
  year={1995},
  publisher={Chapman and Hall/CRC}
}

@article{rockstrom2009safe,
  title={A safe operating space for humanity},
  author={Rockstr{\"o}m, Johan and Steffen, Will and Noone, Kevin and Persson, {\AA}sa and Chapin III, F Stuart and Lambin, Eric F and Lenton, Timothy M and Scheffer, Marten and Folke, Carl and Schellnhuber, Hans Joachim and others},
  journal={Nature},
  volume={461},
  number={7263},
  pages={472--475},
  year={2009},
  publisher={Nature Publishing Group}
}
@article{running2012measurable,
  title={A measurable planetary boundary for the biosphere},
  author={Running, Steven W},
  journal={Science},
  volume={337},
  number={6101},
  pages={1458--1459},
  year={2012},
  publisher={American Association for the Advancement of Science}
}

@article{brown2006evaluation,
  title={Evaluation of the consistency of long-term NDVI time series derived from AVHRR, SPOT-vegetation, SeaWiFS, MODIS, and Landsat ETM+ sensors},
  author={Brown, Molly E and Pinz{\'o}n, Jorge E and Didan, Kamel and Morisette, Jeffrey T and Tucker, Compton J},
  journal={IEEE Transactions on Geoscience and Remote Sensing},
  volume={44},
  number={7},
  pages={1787--1793},
  year={2006},
  publisher={IEEE}
}

@article{FvCB,
  title={A biochemical model of photosynthetic CO2 assimilation in leaves of C3 species},
  author={Farquhar, Graham D and von Caemmerer, Susan and Berry, Joseph A},
  journal={Planta},
  volume={149},
  number={1},
  pages={78--90},
  year={1980},
  publisher={Springer}
}

@article{Baldocchi2001,
  title={FLUXNET: A new tool to study the temporal and spatial variability of ecosystem-scale carbon dioxide, water vapor, and energy flux densities},
  author={Baldocchi, Dennis and Falge, Eva and Gu, Lianhong and Olson, Richard and Hollinger, David and Running, Steve and Anthoni, Peter and Bernhofer, Ch and Davis, Kenneth and Evans, Robert and others},
  journal={Bulletin of the American Meteorological Society},
  volume={82},
  number={11},
  pages={2415--2434},
  year={2001},
  publisher={American Meteorological Society}
}
@article{baldocchi2008breathing,
  title={‘Breathing’ of the terrestrial biosphere: lessons learned from a global network of carbon dioxide flux measurement systems},
  author={Baldocchi, Dennis},
  journal={Australian Journal of Botany},
  volume={56},
  number={1},
  pages={1--26},
  year={2008},
  publisher={CSIRO}
}

@article{Badgley2017,
  title={Canopy near-infrared reflectance and terrestrial photosynthesis.},
  author={Badgley, G and Field, C B and Berry, J A},
  journal={Science Advances},
  volume={3},
  number={3},
  pages={e1602244},
  year={2017}
}

@article{MODISv6,
  title={MCD43A4 MODIS/Terra+ Aqua BRDF/Albedo Nadir BRDF Adjusted RefDaily L3 Global 500 m V006},
  author={Schaaf, C and Wang, Z},
  journal={NASA EOSDIS Land Processes DAAC},
  year={2015}
}

@article{Field1995,
  title={Global net primary production: combining ecology and remote sensing},
  author={Field, Christopher B and Randerson, James T and Malmstr{\"o}m, Carolyn M},
  journal={Remote sensing of Environment},
  volume={51},
  number={1},
  pages={74--88},
  year={1995},
  publisher={Elsevier}
}


@article{Potter1993,
  title={Terrestrial ecosystem production: a process model based on global satellite and surface data},
  author={Potter, Christopher S and Randerson, James T and Field, Christopher B and Matson, Pamela A and Vitousek, Peter M and Mooney, Harold A and Klooster, Steven A},
  journal={Global Biogeochemical Cycles},
  volume={7},
  number={4},
  pages={811--841},
  year={1993},
  publisher={Wiley Online Library}
}

@article{monteith1977,
  title={Climate and the efficiency of crop production in Britain},
  author={Monteith, John Lennox},
  journal={Philosophical Transactions of the Royal Society London B},
  volume={281},
  number={980},
  pages={277--294},
  year={1977},
  publisher={The Royal Society}
}


@article{Bloom1985,
author = {Bloom, Arnold J and Chapin, F Stuart and Mooney, Harold A},
file = {:home/darryl/Documents/library/annurev\%2Ees\%2E16\%2E110185\%2E002051.pdf:pdf},
journal = {Annual Review of Ecology and Systematics},
pages = {363--392},
title = {{Resource limitation in plants - an economic analogy}},
volume = {16},
year = {1985}
}

@article{kumar2016,
title = {Understanding the representativeness of FLUXNET for upscaling carbon flux from eddy covariance measurements},
author = {Kumar, Jitendra and Hoffman, Forrest M. and Hargrove, William W. and Collier, Nathan},
doi = {10.5194/essd-2016-36},
journal = {Earth System Science Data Discussions},
place = {United States},
year = {2016},
month = {8}
} 

@article{beer2010terrestrial,
  title={Terrestrial gross carbon dioxide uptake: global distribution and covariation with climate},
  author={Beer, Christian and Reichstein, Markus and Tomelleri, Enrico and Ciais, Philippe and Jung, Martin and Carvalhais, Nuno and R{\"o}denbeck, Christian and Arain, M Altaf and Baldocchi, Dennis and Bonan, Gordon B and others},
  journal={Science},
  pages={1184984},
  year={2010},
  publisher={American Association for the Advancement of Science}
}
@article{tramontana2016predicting,
  title={Predicting carbon dioxide and energy fluxes across global FLUXNET sites with regression algorithms},
  journal={Biogeosciences},
  author={Tramontana, Gianluca and Jung, Martin and Schwalm, Christopher R and Ichii, Kazuhito and Camps-Valls, Gustau and R{\'a}duly, Botond and Reichstein, Markus and Arain, M Altaf and Cescatti, Alessandro and Kiely, Gerard and others},
  year={2016},
  publisher={Copernicus Publications}
}
@article{Running2004,
  title={A continuous satellite-derived measure of global terrestrial primary production},
  author={Running, Steven W and Nemani, Ramakrishna R and Heinsch, Faith Ann and Zhao, Maosheng and Reeves, Matt and Hashimoto, Hirofumi},
  journal={BioScience},
  volume={54},
  number={6},
  pages={547--560},
  year={2004},
  publisher={American Institute of Biological Sciences}
}
@article{zhao2010drought,
  title={Drought-induced reduction in global terrestrial net primary production from 2000 through 2009},
  author={Zhao, Maosheng and Running, Steven W},
  journal={Science},
  volume={329},
  number={5994},
  pages={940--943},
  year={2010},
  publisher={American Association for the Advancement of Science}
}
@article{jung2017compensatory,
  title={Compensatory water effects link yearly global land CO 2 sink changes to temperature},
  author={Jung, Martin and Reichstein, Markus and Schwalm, Christopher R and Huntingford, Chris and Sitch, Stephen and Ahlstr{\"o}m, Anders and Arneth, Almut and Camps-Valls, Gustau and Ciais, Philippe and Friedlingstein, Pierre and others},
  journal={Nature},
  volume={541},
  number={7638},
  pages={516--520},
  year={2017},
  publisher={Nature Publishing Group}
}
@article{Bonan2011,
  title={Improving canopy processes in the Community Land Model version 4 (CLM4) using global flux fields empirically inferred from FLUXNET data},
  author={Bonan, Gordon B and Lawrence, Peter J and Oleson, Keith W and Levis, Samuel and Jung, Martin and Reichstein, Markus and Lawrence, David M and Swenson, Sean C},
  journal={Journal of Geophysical Research: Biogeosciences},
  volume={116},
  number={G2},
  year={2011},
  publisher={Wiley Online Library}
}

@article{Williams2009,
  title={Improving land surface models with FLUXNET data},
  author={Williams, M and Richardson, AD and Reichstein, M and Stoy, PC and Peylin, P and Verbeeck, Hans and Carvalhais, N and Jung, M and Hollinger, DY and Kattge, J and others},
  journal={Biogeosciences},
  volume={6},
  number={7},
  pages={1341--1359},
  year={2009},
  publisher={Copernicus GmbH}
}

@article{Marie2012,
  title={The coordination of leaf photosynthesis links C and N fluxes in C3 plant species},
  author={Maire, Vincent and Martre, Pierre and Kattge, Jens and Gastal, Francois and Esser, Gerd and Fontaine, S{\'e}bastien and Soussana, Jean-Fran{\c{c}}ois},
  journal={PloS One},
  volume={7},
  number={6},
  pages={e38345},
  year={2012},
  publisher={Public Library of Science}
}

@incollection{Field1991,
  title={Ecological scaling of carbon gain to stress and resource},
  author={Field, Christopher B},
  booktitle={Response of Plants to Multiple Stresses},
  pages={35--65},
  year={1991},
  publisher={Academic Press San Diego}
}

@article{lyapustin2011multiangle,
  title={Multiangle implementation of atmospheric correction (MAIAC): 1. Radiative transfer basis and look-up tables},
  author={Lyapustin, Alexei and Martonchik, John and Wang, Yujie and Laszlo, Istvan and Korkin, Sergey},
  journal={Journal of Geophysical Research: Atmospheres},
  volume={116},
  number={D3},
  year={2011},
  publisher={Wiley Online Library}
}

@Article{Norton2018,
AUTHOR = {Norton, A. J. and Rayner, P. J. and Koffi, E. N. and Scholze, M. and Silver, J. D. and Wang, Y.-P.},
TITLE = {Estimating global gross primary productivity using chlorophyll
fluorescence and a data assimilation system with the
BETHY-SCOPE model},
JOURNAL = {Biogeosciences Discussions},
VOLUME = {2018},
YEAR = {2018},
PAGES = {1--40},
URL = {https://www.biogeosciences-discuss.net/bg-2018-270/},
DOI = {10.5194/bg-2018-270}
}

@article{jiang2016multi,
  title={Multi-scale evaluation of global gross primary productivity and evapotranspiration products derived from Breathing Earth System Simulator (BESS)},
  author={Jiang, Chongya and Ryu, Youngryel},
  journal={Remote Sensing of Environment},
  volume={186},
  pages={528--547},
  year={2016},
  publisher={Elsevier}
}

@article{Welp2011,
  title={Interannual variability in the oxygen isotopes of atmospheric CO 2 driven by El Ni{\~n}o},
  author={Welp, Lisa R and Keeling, Ralph F and Meijer, Harro AJ and Bollenbacher, Alane F and Piper, Stephen C and Yoshimura, Kei and Francey, Roger J and Allison, Colin E and Wahlen, Martin},
  journal={Nature},
  volume={477},
  number={7366},
  pages={579--582},
  year={2011},
  publisher={Nature Publishing Group}
}

@article{Tucker2005,
  title={An extended AVHRR 8-km NDVI dataset compatible with MODIS and SPOT vegetation NDVI data},
  author={Tucker, Compton J and Pinzon, Jorge E and Brown, Molly E and Slayback, Daniel A and Pak, Edwin W and Mahoney, Robert and Vermote, Eric F and El Saleous, Nazmi},
  journal={International Journal of Remote Sensing},
  volume={26},
  number={20},
  pages={4485--4498},
  year={2005},
  publisher={Taylor \& Francis}
}

@article{ryu2011,
  title={Integration of MODIS land and atmosphere products with a coupled-process model to estimate gross primary productivity and evapotranspiration from 1 km to global scales},
  author={Ryu, Youngryel and Baldocchi, Dennis D and Kobayashi, Hideki and van Ingen, Catharine and Li, Jie and Black, T Andy and Beringer, Jason and Van Gorsel, Eva and Knohl, Alexander and Law, Beverly E and others},
  journal={Global Biogeochemical Cycles},
  volume={25},
  number={4},
  year={2011},
  publisher={Wiley Online Library}
}
